<record><leader>00000cas a22000007a 4500</leader><controlfield tag="001">29563293</controlfield><controlfield tag="008">931230d19901993mouwr ne      0    0eng d</controlfield><datafield ind1=" " ind2=" " tag="010"><subfield code="a">sn 93060115 </subfield></datafield><datafield ind1=" " ind2=" " tag="040"><subfield code="a">MQN</subfield><subfield code="b">eng</subfield><subfield code="c">MQN</subfield><subfield code="d">OCLCQ</subfield><subfield code="d">OCLCF</subfield><subfield code="d">OCLCO</subfield></datafield><datafield ind1="1" ind2=" " tag="029"><subfield code="a">AU@</subfield><subfield code="b">000025860879</subfield></datafield><datafield ind1=" " ind2=" " tag="042"><subfield code="a">msc</subfield></datafield><datafield ind1=" " ind2=" " tag="043"><subfield code="a">n-us-mo</subfield></datafield><datafield ind1="0" ind2="0" tag="245"><subfield code="a">Villager newspaper.</subfield></datafield><datafield ind1=" " ind2=" " tag="260"><subfield code="a">Buckner, Mo. :</subfield><subfield code="b">Fort Osage Pub.,</subfield><subfield code="c">1990-1993.</subfield></datafield><datafield ind1=" " ind2=" " tag="300"><subfield code="a">v.</subfield></datafield><datafield ind1=" " ind2=" " tag="310"><subfield code="a">Weekly</subfield></datafield><datafield ind1="0" ind2=" " tag="362"><subfield code="a">Vol. 15, no. 33 (Mar. 6, 1990)-v. 16, no. 4 (Aug. 29, 1990) ; 16th year, issue no. 5 (Sept. 5, 1990)-19th yr., no. 21 (Dec. 23, 1993).</subfield></datafield><datafield ind1=" " ind2="0" tag="651"><subfield code="a">Buckner (Mo.)</subfield><subfield code="v">Newspapers.</subfield></datafield><datafield ind1=" " ind2="7" tag="655"><subfield code="a">Newspapers.</subfield><subfield code="2">fast</subfield><subfield code="0">(OCoLC)fst01423814</subfield></datafield><datafield ind1=" " ind2="7" tag="651"><subfield code="a">Missouri</subfield><subfield code="z">Buckner.</subfield><subfield code="2">fast</subfield><subfield code="0">(OCoLC)fst01257807</subfield></datafield><datafield ind1=" " ind2=" " tag="752"><subfield code="a">United States</subfield><subfield code="b">Missouri</subfield><subfield code="c">Jackson</subfield><subfield code="d">Buckner.</subfield></datafield><datafield ind1="0" ind2="0" tag="780"><subfield code="t">Villager (Buckner, Mo.)</subfield><subfield code="w">(DLC)sn 93060408</subfield></datafield></record>